@article{degoede2017,
	title = {Cord blood hematopoietic cells from preterm infants display altered {DNA} methylation patterns.},
	volume = {9},
	url = {http://www.ncbi.nlm.nih.gov/pubmed/28428831},
	doi = {10.1186/s13148-017-0339-1},
	journal = {Clinical epigenetics},
	author = {de Goede, Olivia M and Lavoie, Pascal M and Robinson, Wendy P},
	year = {2017},
	keywords = {DNA methylation, Epigenetics, Cord blood, Epigenetic clock, Gestational age, Illumina 450K array, Nucleated red blood cells, Preterm birth},
	pages = {39--39},
}